@article{aaronson2005quantum,
  title     = {Quantum computing, postselection, and probabilistic polynomial-time},
  author    = {Aaronson, Scott},
  journal   = {Proceedings of the Royal Society A: Mathematical, Physical and Engineering Sciences},
  volume    = {461},
  number    = {2063},
  pages     = {3473--3482},
  year      = {2005},
  publisher = {The Royal Society London}
}

@inproceedings{ablayev2000lower,
  title        = {On the lower bounds for one-way quantum automata},
  author       = {Ablayev, Farid and Gainutdinova, Aida},
  booktitle    = {International Symposium on Mathematical Foundations of Computer Science},
  pages        = {132--140},
  year         = {2000},
  organization = {Springer}
}

@inproceedings{ablayev2005complexity,
  title        = {Complexity of quantum uniform and nonuniform automata},
  author       = {Ablayev, Farid and Gainutdinova, Aida},
  booktitle    = {Developments in Language Theory: 9th International Conference, DLT 2005, Palermo, Italy, July 4-8, 2005. Proceedings 9},
  pages        = {78--87},
  year         = {2005},
  organization = {Springer}
}

@inproceedings{ambainis12001class,
  title        = {On the class of languages recognizable by 1-way quantum finite automata},
  author       = {Ambainis1, Andris and K{\c{K}}ikusts, Arnolds and Valdats, M{\=a}ris},
  booktitle    = {Annual symposium on theoretical aspects of computer science},
  pages        = {75--86},
  year         = {2001},
  organization = {Springer}
}

@inproceedings{ambainis19981,
  title        = {1-way quantum finite automata: strengths, weaknesses and generalizations},
  author       = {Ambainis, Andris and Freivalds, Rusins},
  booktitle    = {Proceedings 39th annual symposium on foundations of computer science (Cat. No. 98CB36280)},
  pages        = {332--341},
  year         = {1998},
  organization = {IEEE}
}

@inproceedings{ambainis1999probabilities,
  title        = {Probabilities to accept languages by quantum finite automata},
  author       = {Ambainis, Andris and Bonner, Richard and Freivalds, R{\=u}si{\c{n}}{\v{s}} and {\c{K}}ikusts, Arnolds},
  booktitle    = {International computing and combinatorics conference},
  pages        = {174--183},
  year         = {1999},
  organization = {Springer}
}

@article{ambainis2002two,
  title     = {Two-way finite automata with quantum and classical states},
  author    = {Ambainis, Andris and Watrous, John},
  journal   = {Theoretical Computer Science},
  volume    = {287},
  number    = {1},
  pages     = {299--311},
  year      = {2002},
  publisher = {Elsevier}
}

@inproceedings{belovs2007multi,
  title        = {Multi-letter reversible and quantum finite automata},
  author       = {Belovs, Aleksandrs and Rosmanis, Ansis and Smotrovs, Juris},
  booktitle    = {Developments in Language Theory: 11th International Conference, DLT 2007, Turku, Finland, July 3-6, 2007. Proceedings 11},
  pages        = {60--71},
  year         = {2007},
  organization = {Springer}
}

@inproceedings{bertoni2003quantum,
  title        = {Quantum computing: 1-way quantum automata},
  author       = {Bertoni, Alberto and Mereghetti, Carlo and Palano, Beatrice},
  booktitle    = {Developments in Language Theory: 7th International Conference, DLT 2003 Szeged, Hungary, July 7--11, 2003 Proceedings 7},
  pages        = {1--20},
  year         = {2003},
  organization = {Springer}
}

@article{bertoni2010trace,
  title     = {Trace monoids with idempotent generators and measure-only quantum automata},
  author    = {Bertoni, Alberto and Mereghetti, Carlo and Palano, Beatrice},
  journal   = {Natural Computing},
  volume    = {9},
  number    = {2},
  pages     = {383--395},
  year      = {2010},
  publisher = {Springer}
}

@inproceedings{berzicna2001ambainis,
  title        = {Ambainis-Freivalds’ Algorithm for Measure-Once Automata},
  author       = {B{\=e}rzi{\c{n}}a, Aija and Bonner, Richard},
  booktitle    = {Fundamentals of Computation Theory: 13th International Symposium, FCT 2001 Riga, Latvia, August 22--24, 2001 Proceedings 13},
  pages        = {83--93},
  year         = {2001},
  organization = {Springer}
}

@article{bhatia2019quantum,
  title     = {Quantum $\omega$-automata over infinite words and their relationships},
  author    = {Bhatia, Amandeep Singh and Kumar, Ajay},
  journal   = {International Journal of Theoretical Physics},
  volume    = {58},
  pages     = {878--889},
  year      = {2019},
  publisher = {Springer}
}

@article{bhatia2020relation,
  title     = {On relation between linear temporal logic and quantum finite automata},
  author    = {Bhatia, Amandeep Singh and Kumar, Ajay},
  journal   = {Journal of Logic, Language and Information},
  volume    = {29},
  number    = {2},
  pages     = {109--120},
  year      = {2020},
  publisher = {Springer}
}

@incollection{bianchi2014complexity,
  title     = {Complexity of promise problems on classical and quantum automata},
  author    = {Bianchi, Maria Paola and Mereghetti, Carlo and Palano, Beatrice},
  booktitle = {Computing with New Resources: Essays Dedicated to Jozef Gruska on the Occasion of His 80th Birthday},
  pages     = {161--175},
  year      = {2014},
  publisher = {Springer}
}

@inproceedings{bianchi2014power,
  title        = {On the power of one-way automata with quantum and classical states},
  author       = {Bianchi, Maria Paola and Mereghetti, Carlo and Palano, Beatrice},
  booktitle    = {Implementation and Application of Automata: 19th International Conference, CIAA 2014, Giessen, Germany, July 30--August 2, 2014. Proceedings 19},
  pages        = {84--97},
  year         = {2014},
  organization = {Springer}
}

@article{bianchi2014size,
  title     = {Size lower bounds for quantum automata},
  author    = {Bianchi, Maria Paola and Mereghetti, Carlo and Palano, Beatrice},
  journal   = {Theoretical Computer Science},
  volume    = {551},
  pages     = {102--115},
  year      = {2014},
  publisher = {Elsevier}
}

@inproceedings{bonner2001quantum,
  title        = {Quantum versus probabilistic one-way finite automata with counter},
  author       = {Bonner, Richard and Freivalds, R{\=u}si{\c{n}}{\v{s}} and Kravtsev, Maksim},
  booktitle    = {International Conference on Current Trends in Theory and Practice of Computer Science},
  pages        = {181--190},
  year         = {2001},
  organization = {Springer}
}

@phdthesis{brodsky1998models,
  title  = {Models and characterizations of 1-way quantum finite automata},
  author = {Brodsky, Alexander},
  year   = {1998},
  school = {university of british columbia}
}

@article{brodsky2002characterizations,
  title     = {Characterizations of 1-way quantum finite automata},
  author    = {Brodsky, Alex and Pippenger, Nicholas},
  journal   = {SIAM Journal on Computing},
  volume    = {31},
  number    = {5},
  pages     = {1456--1478},
  year      = {2002},
  publisher = {SIAM}
}

@article{candeloro2021enhanced,
  title     = {An enhanced photonic quantum finite automaton},
  author    = {Candeloro, Alessandro and Mereghetti, Carlo and Palano, Beatrice and Cialdi, Simone and Paris, Matteo GA and Olivares, Stefano},
  journal   = {Applied Sciences},
  volume    = {11},
  number    = {18},
  pages     = {8768},
  year      = {2021},
  publisher = {MDPI}
}

@article{cem2012quantum,
  title     = {Quantum counter automata},
  author    = {Cem Say, AC and Yakaryilmaz, Abuzer},
  journal   = {International Journal of Foundations of Computer Science},
  volume    = {23},
  number    = {05},
  pages     = {1099--1116},
  year      = {2012},
  publisher = {World Scientific}
}

@inproceedings{chu2023approximately,
  title        = {Approximately Learning Quantum Automata},
  author       = {Chu, Wenjing and Chen, Shuo and Bonsangue, Marcello and Shi, Zenglin},
  booktitle    = {International Symposium on Theoretical Aspects of Software Engineering},
  pages        = {268--285},
  year         = {2023},
  organization = {Springer}
}

@inproceedings{ciamarra2001quantum,
  title        = {Quantum reversibility and a new model of quantum automaton},
  author       = {Ciamarra, Massimo Pica},
  booktitle    = {International Symposium on Fundamentals of Computation Theory},
  pages        = {376--379},
  year         = {2001},
  organization = {Springer}
}

@article{comin2013extended,
  title   = {(Extended Version) Algebraic Characterization of the Class of Languages recognized by Measure Only Quantum Automata},
  author  = {Comin, Carlo},
  journal = {arXiv preprint arXiv:1301.3931},
  year    = {2013}
}

@article{deutsch1985quantum,
  title     = {Quantum theory, the Church--Turing principle and the universal quantum computer},
  author    = {Deutsch, David},
  journal   = {Proceedings of the Royal Society of London. A. Mathematical and Physical Sciences},
  volume    = {400},
  number    = {1818},
  pages     = {97--117},
  year      = {1985},
  publisher = {The Royal Society London}
}

@article{dzelme2009mathematical,
  title     = {Mathematical logic and quantum finite state automata},
  author    = {Dzelme-B{\=e}rzi{\c{n}}a, Ilze},
  journal   = {Theoretical Computer Science},
  volume    = {410},
  number    = {20},
  pages     = {1952--1959},
  year      = {2009},
  publisher = {Elsevier}
}

@inproceedings{freivalds2005languages,
  title        = {Languages recognizable by quantum finite automata},
  author       = {Freivalds, R{\=u}si{\c{n}}{\v{s}}},
  booktitle    = {International Conference on Implementation and Application of Automata},
  pages        = {1--14},
  year         = {2005},
  organization = {Springer}
}

@article{ganguly20162,
  title   = {2-tape 1-way quantum finite state automata},
  author  = {Ganguly, Debayan and Ray, Kumar Sankar},
  journal = {arXiv preprint arXiv:1607.00811},
  year    = {2016}
}

@article{grilo2013finite,
  title     = {On finite automata with quantum and classical states},
  author    = {Grilo, Alex Bredariol and Moura, Arnaldo Vieira},
  journal   = {Сибирские электронные математические известия},
  volume    = {10},
  number    = {0},
  pages     = {676--688},
  year      = {2013},
  publisher = {Институт математики им. СЛ Соболева Сибирского отделения Российской академии~…}
}

@article{gruska2015potential,
  title     = {Potential of quantum finite automata with exact acceptance},
  author    = {Gruska, Jozef and Qiu, Daowen and Zheng, Shenggen},
  journal   = {International Journal of Foundations of Computer Science},
  volume    = {26},
  number    = {03},
  pages     = {381--398},
  year      = {2015},
  publisher = {World Scientific}
}

@article{joseph2019quantum,
  title   = {Quantum finite automata using quantum logic},
  author  = {Joseph, Jismy and Dersanambika, KS},
  journal = {Malaya Journal of Matematik},
  volume  = {7},
  number  = {01},
  pages   = {7--10},
  year    = {2019}
}

@inproceedings{kondacs1997power,
  title        = {On the power of quantum finite state automata},
  author       = {Kondacs, Attila and Watrous, John},
  booktitle    = {Proceedings 38th annual symposium on foundations of computer science},
  pages        = {66--75},
  year         = {1997},
  organization = {IEEE}
}

@inproceedings{kravtsev1999quantum,
  title        = {Quantum finite one-counter automata},
  author       = {Kravtsev, Maksim},
  booktitle    = {International Conference on Current Trends in Theory and Practice of Computer Science},
  pages        = {431--440},
  year         = {1999},
  organization = {Springer}
}

@article{li2007determining,
  title   = {Determining the equivalence for 1-way quantum finite automata},
  author  = {Li, Lvzhou and Qiu, Daowen},
  journal = {arXiv preprint quant-ph/0703087},
  year    = {2007}
}

@article{li2008determining,
  title     = {Determining the equivalence for one-way quantum finite automata},
  author    = {Li, Lvzhou and Qiu, Daowen},
  journal   = {Theoretical Computer Science},
  volume    = {403},
  number    = {1},
  pages     = {42--51},
  year      = {2008},
  publisher = {Elsevier}
}

@inproceedings{li2010revisiting,
  title        = {Revisiting the power and equivalence of one-way quantum finite automata},
  author       = {Li, Lvzhou and Qiu, Daowen},
  booktitle    = {International Conference on Intelligent Computing},
  pages        = {1--8},
  year         = {2010},
  organization = {Springer}
}

@article{li2012characterizations,
  title     = {Characterizations of one-way general quantum finite automata},
  author    = {Li, Lvzhou and Qiu, Daowen and Zou, Xiangfu and Li, Lvjun and Wu, Lihua and Mateus, Paulo},
  journal   = {Theoretical Computer Science},
  volume    = {419},
  pages     = {73--91},
  year      = {2012},
  publisher = {Elsevier}
}

@article{li2015hybrid,
  title     = {On hybrid models of quantum finite automata},
  author    = {Li, Lvzhou and Feng, Yuan},
  journal   = {Journal of Computer and System Sciences},
  volume    = {81},
  number    = {7},
  pages     = {1144--1158},
  year      = {2015},
  publisher = {Elsevier}
}

@article{lin2012another,
  title     = {Another approach to the equivalence of measure-many one-way quantum finite automata and its application},
  author    = {Lin, Tianrong},
  journal   = {Journal of Computer and System Sciences},
  volume    = {78},
  number    = {3},
  pages     = {807--821},
  year      = {2012},
  publisher = {Elsevier}
}

@article{lin2012equivalence,
  title     = {On equivalence and emptiness problems of multi-letter (measure many) quantum finite automata},
  author    = {Lin, T},
  journal   = {arXiv preprint arXiv:1203.0113},
  year      = {2012},
  publisher = {Citeseer}
}

@article{lussi2024implementing,
  title   = {Implementing a Quantum Finite Automaton in IBMQ using Custom Control Pulses},
  author  = {Lussi, Eduardo Willwock and de Sousa, Lucas Cavalcante and Marchi, Jerusa and de Santiago, Rafael and Duzzioni, Eduardo Inacio},
  journal = {arXiv preprint arXiv:2412.06977},
  year    = {2024}
}

@article{mateus2012complexity,
  title     = {On the complexity of minimizing probabilistic and quantum automata},
  author    = {Mateus, Paulo and Qiu, Daowen and Li, Lvzhou},
  journal   = {Information and Computation},
  volume    = {218},
  pages     = {36--53},
  year      = {2012},
  publisher = {Elsevier}
}

@inproceedings{mercer2008lower,
  title        = {Lower bounds for generalized quantum finite automata},
  author       = {Mercer, Mark},
  booktitle    = {Language and Automata Theory and Applications: Second International Conference, LATA 2008, Tarragona, Spain, March 13-19, 2008. Revised Papers 2},
  pages        = {373--384},
  year         = {2008},
  organization = {Springer}
}

@article{mereghetti2002size,
  title     = {On the size of one-way quantum finite automata with periodic behaviors},
  author    = {Mereghetti, Carlo and Palano, Beatrice},
  journal   = {RAIRO-Theoretical Informatics and Applications},
  volume    = {36},
  number    = {3},
  pages     = {277--291},
  year      = {2002},
  publisher = {EDP Sciences}
}

@article{mereghetti2006quantum,
  title     = {Quantum finite automata with control language},
  author    = {Mereghetti, Carlo and Palano, Beatrice},
  journal   = {RAIRO-Theoretical Informatics and Applications},
  volume    = {40},
  number    = {2},
  pages     = {315--332},
  year      = {2006},
  publisher = {EDP Sciences}
}

@incollection{mereghetti2011quantum,
  title     = {Quantum automata and periodic events},
  author    = {Mereghetti, Carlo and Palano, Beatrice},
  booktitle = {Scientific Applications Of Language Methods},
  pages     = {563--584},
  year      = {2011},
  publisher = {World Scientific}
}

@article{mereghetti2024latvian,
  title     = {Latvian quantum finite state automata for unary languages},
  author    = {Mereghetti, Carlo and Palano, Beatrice and Raucci, Priscilla},
  journal   = {International Journal of Foundations of Computer Science},
  pages     = {1--37},
  year      = {2024},
  publisher = {World Scientific}
}

@article{mereghetti2024unary,
  title     = {Unary quantum finite state automata with control language},
  author    = {Mereghetti, Carlo and Palano, Beatrice and Raucci, Priscilla},
  journal   = {Applied Sciences},
  volume    = {14},
  number    = {4},
  pages     = {1490},
  year      = {2024},
  publisher = {MDPI}
}

@article{moore2000quantum,
  title     = {Quantum automata and quantum grammars},
  author    = {Moore, Cristopher and Crutchfield, James P},
  journal   = {Theoretical Computer Science},
  volume    = {237},
  number    = {1-2},
  pages     = {275--306},
  year      = {2000},
  publisher = {Elsevier}
}

@inproceedings{nayak1999optimal,
  title        = {Optimal lower bounds for quantum automata and random access codes},
  author       = {Nayak, Ashwin},
  booktitle    = {40th Annual Symposium on Foundations of Computer Science (Cat. No. 99CB37039)},
  pages        = {369--376},
  year         = {1999},
  organization = {IEEE}
}

@article{nishimura2009application,
  title     = {An application of quantum finite automata to interactive proof systems},
  author    = {Nishimura, Harumichi and Yamakami, Tomoyuki},
  journal   = {Journal of Computer and System Sciences},
  volume    = {75},
  number    = {4},
  pages     = {255--269},
  year      = {2009},
  publisher = {Elsevier}
}

@article{nishimura2015interactive,
  title     = {Interactive proofs with quantum finite automata},
  author    = {Nishimura, Harumichi and Yamakami, Tomoyuki},
  journal   = {Theoretical Computer Science},
  volume    = {568},
  pages     = {1--18},
  year      = {2015},
  publisher = {Elsevier}
}

@inproceedings{pani2011empowering,
  title        = {Empowering measures for quantum finite automata (QFA)},
  author       = {Pani, Soumya Debabrata and Behera, Chandan Kumar},
  booktitle    = {2011 3rd International Conference on Computer Research and Development},
  volume       = {2},
  pages        = {406--411},
  year         = {2011},
  organization = {IEEE}
}

@inproceedings{piazza2022mirrors,
  title        = {Mirrors and memory in quantum automata},
  author       = {Piazza, Carla and Romanello, Riccardo},
  booktitle    = {International Conference on Quantitative Evaluation of Systems},
  pages        = {359--380},
  year         = {2022},
  organization = {Springer}
}

@article{qiu2004characterizations,
  title     = {Characterizations of quantum automata},
  author    = {Qiu, Daowen and Ying, Mingsheng},
  journal   = {Theoretical computer science},
  volume    = {312},
  number    = {2-3},
  pages     = {479--489},
  year      = {2004},
  publisher = {Elsevier}
}

@article{qiu2007automata,
  title     = {Automata theory based on quantum logic: reversibilities and pushdown automata},
  author    = {Qiu, Daowen},
  journal   = {Theoretical Computer Science},
  volume    = {386},
  number    = {1-2},
  pages     = {38--56},
  year      = {2007},
  publisher = {Elsevier}
}

@article{qiu2008decidability,
  title   = {Decidability of the equivalence of multi-letter quantum finite automata},
  author  = {Qiu, Daowen and Zou, Xiangfu and Li, Lvzhou and Mateus, Paulo},
  journal = {arXiv preprint arXiv:0812.1061},
  year    = {2008}
}

@inproceedings{qiu2008some,
  title        = {Some observations on two-way finite automata with quantum and classical states},
  author       = {Qiu, Daowen},
  booktitle    = {International Conference on Intelligent Computing},
  pages        = {1--8},
  year         = {2008},
  organization = {Springer}
}

@article{qiu2008state,
  title   = {State complexity of operations on two-way quantum finite automata},
  author  = {Qiu, Daowen},
  journal = {arXiv preprint arXiv:0807.0476},
  year    = {2008}
}

@article{qiu2009equivalence,
  title   = {One-way quantum finite automata together with classical states: Equivalence and Minimization},
  author  = {Qiu, DW and Mateus, Paulo and Sernadas, Amilcar},
  journal = {arXiv preprint arXiv:0909.1428},
  year    = {2009}
}

@article{qiu2009hierarchy,
  title     = {Hierarchy and equivalence of multi-letter quantum finite automata},
  author    = {Qiu, Daowen and Yu, Sheng},
  journal   = {Theoretical Computer Science},
  volume    = {410},
  number    = {30-32},
  pages     = {3006--3017},
  year      = {2009},
  publisher = {Elsevier}
}

@article{qiu2009one,
  title     = {One-way quantum finite automata together with classical states},
  author    = {Qiu, DW and Mateus, Paulo and Sernadas, A},
  journal   = {arXiv preprint arXiv:0909.1428},
  pages     = {3006--3017},
  year      = {2009},
  publisher = {Citeseer}
}

@article{qiu2011multi,
  title     = {Multi-letter quantum finite automata: decidability of the equivalence and minimization of states},
  author    = {Qiu, Daowen and Li, Lvzhou and Zou, Xiangfu and Mateus, Paulo and Gruska, Jozef},
  journal   = {Acta informatica},
  volume    = {48},
  number    = {5},
  pages     = {271},
  year      = {2011},
  publisher = {Springer}
}

@article{rao2007quantum,
  title   = {Quantum finite automata and weighted automata},
  author  = {Rao, MV and Vinay, V},
  journal = {arXiv preprint quant-ph/0701144},
  year    = {2007}
}

@inproceedings{rashid2014implications,
  title        = {Implications of quantum automata for contextuality},
  author       = {Rashid, Jibran and Yakary{\i}lmaz, Abuzer},
  booktitle    = {Implementation and Application of Automata: 19th International Conference, CIAA 2014, Giessen, Germany, July 30--August 2, 2014. Proceedings 19},
  pages        = {318--331},
  year         = {2014},
  organization = {Springer}
}

@article{remscrim2020lower,
  title   = {Lower bounds on the running time of two-way quantum finite automata and sublogarithmic-space quantum turing machines},
  author  = {Remscrim, Zachary},
  journal = {arXiv preprint arXiv:2003.09877},
  year    = {2020}
}

@article{remscrim2020power,
  title   = {The power of a single qubit: Two-way quantum finite automata and the word problem},
  author  = {Remscrim, Zachary},
  journal = {arXiv preprint arXiv:2003.09879},
  year    = {2020}
}

@inproceedings{restivo2001upper,
  title        = {Upper bounds on the size of one-way quantum finite automata},
  author       = {Restivo, Antonio and Della Rocca, Simona Ronchi and Roversi, Luca and Mereghetti, Carlo and Palano, Beatrice},
  booktitle    = {Theoretical Computer Science: 7th Italian Conference, ICTCS 2001 Torino, Italy, October 4--6, 2001 Proceedings 7},
  pages        = {123--135},
  year         = {2001},
  organization = {Springer}
}

@inproceedings{scegulnaja2010postselection,
  title        = {Postselection finite quantum automata},
  author       = {Scegulnaja-Dubrovska, Oksana and L{\=a}ce, Lelde and Freivalds, R{\=u}si{\c{n}}{\v{s}}},
  booktitle    = {International Conference on Unconventional Computation},
  pages        = {115--126},
  year         = {2010},
  organization = {Springer}
}

@article{xi2008some,
  title     = {Some algebraic properties of measure-once two-way quantum finite automata},
  author    = {Xi, Zhengjun and Wang, Xin and Li, Yongming},
  journal   = {Quantum Information Processing},
  volume    = {7},
  pages     = {211--225},
  year      = {2008},
  publisher = {Springer}
}

@article{xiao2021state,
  title   = {State complexity of one-way quantum finite automata together with classical states},
  author  = {Xiao, Ligang and Qiu, Daowen},
  journal = {arXiv preprint arXiv:2112.03746},
  year    = {2021}
}

@article{yakaryilmaz2009languages,
  title   = {Languages recognized by nondeterministic quantum finite automata},
  author  = {Yakaryilmaz, Abuzer and Say, AC},
  journal = {arXiv preprint arXiv:0902.2081},
  year    = {2009}
}

@article{yamakami2014one,
  title   = {One-way reversible and quantum finite automata with advice},
  journal = {Information and Computation},
  volume  = {239},
  pages   = {122-148},
  year    = {2014},
  issn    = {0890-5401},
  author  = {Tomoyuki Yamakami}
}

@inproceedings{yao1993quantum,
  title        = {Quantum circuit complexity},
  author       = {Yao, A Chi-Chih},
  booktitle    = {Proceedings of 1993 IEEE 34th Annual Foundations of Computer Science},
  pages        = {352--361},
  year         = {1993},
  organization = {IEEE}
}

@article{zheng2011two,
  title     = {Two-tape finite automata with quantum and classical states},
  author    = {Zheng, Shenggen and Li, Lvzhou and Qiu, Daowen},
  journal   = {International Journal of Theoretical Physics},
  volume    = {50},
  number    = {4},
  pages     = {1262--1281},
  year      = {2011},
  publisher = {Springer}
}

@article{zheng2012one,
  title     = {One-Way Finite Automata with Quantum and Classical States.},
  author    = {Zheng, Shenggen and Qiu, Daowen and Li, Lvzhou and Gruska, Jozef},
  journal   = {Languages alive},
  volume    = {7300},
  pages     = {273--290},
  year      = {2012},
  publisher = {Springer}
}

@incollection{zheng2012state,
  title     = {State succinctness of two-way finite automata with quantum and classical states},
  author    = {Zheng, Shenggen and Qiu, Daowen and Li, Lvzhou},
  booktitle = {Quantitative Logic And Soft Computing},
  pages     = {378--385},
  year      = {2012},
  publisher = {World Scientific}
}

@article{zheng2013state,
  title     = {State succinctness of two-way finite automata with quantum and classical states},
  author    = {Zheng, Shenggen and Qiu, Daowen and Gruska, Jozef and Li, Lvzhou and Mateus, Paulo},
  journal   = {Theoretical Computer Science},
  volume    = {499},
  pages     = {98--112},
  year      = {2013},
  publisher = {Elsevier}
}

@article{zheng2015power,
  title     = {Power of the interactive proof systems with verifiers modeled by semi-quantum two-way finite automata},
  author    = {Zheng, Shenggen and Qiu, Daowen and Gruska, Jozef},
  journal   = {Information and Computation},
  volume    = {241},
  pages     = {197--214},
  year      = {2015},
  publisher = {Elsevier}
}
